@misc{lab12manual,
  title        = {Laboratoryjny eksperyment symulujący powstawanie kraterów na planetach i księżycach, wskutek uderzeń meteorytów},
  author       = {Instytut Fizyki Doświadczalnej UWr},
  year         = {2024},
  institution  = {Uniwersytet Wrocławski},
  howpublished = {\url{https://wfa.uwr.edu.pl/wp-content/uploads/sites/216/2024/02/Mech.12_wstep.pdf}},
  note         = {Wstęp do ćwiczenia nr 12, I Pracownia Fizyczna}
}
