@book{Drynski1976,
  author    = {Tadeusz Dryński},
  title     = {Ćwiczenia laboratoryjne z fizyki},
  publisher = {Państwowe Wydawnictwo Naukowe},
  year      = {1976},
  address   = {Warszawa},
  edition   = {5},
  language  = {polski}
}

@misc{lab11manual,
  title        = {Wyznaczanie elipsoidy bryły sztywnej},
  author       = {Instytut Fizyki Doświadczalnej UWr},
  year         = {2023},
  institution  = {Uniwersytet Wrocławski},
  howpublished = {\url{https://wfa.uwr.edu.pl/wp-content/uploads/sites/216/2023/10/Mech.11-2023.pdf}},
  note         = {Wstęp do ćwiczenia nr 11, I Pracownia Fizyczna}
}

@misc{materialy_pomoc_19,
  title        = {Materiały pomocnicze do ćwiczenia nr 19},
  author       = {Instytut Fizyki Doświadczalnej UWr},
  year         = {2024},
  institution  = {Uniwersytet Wrocławski},
  howpublished = {\url{https://wfa.uwr.edu.pl/wp-content/uploads/sites/216/2024/04/Mech.19_wstep.pdf}},
  note         = {Materiały pomocnicze do ćwiczenia nr 19, I Pracownia Fizyczna}
}