@book{Drynski1976,
  author    = {Tadeusz Dryński},
  title     = {Ćwiczenia laboratoryjne z fizyki},
  publisher = {Państwowe Wydawnictwo Naukowe},
  year      = {1976},
  address   = {Warszawa},
  edition   = {5},
  language  = {polski}
}

@misc{lab11manual,
  title        = {Wyznaczanie elipsoidy bryły sztywnej},
  author       = {Instytut Fizyki Doświadczalnej UWr},
  year         = {2023},
  institution  = {Uniwersytet Wrocławski},
  howpublished = {\url{https://wfa.uwr.edu.pl/wp-content/uploads/sites/216/2023/10/Mech.11-2023.pdf}},
  note         = {Wstęp do ćwiczenia nr 11, I Pracownia Fizyczna}
}

@misc{wspolczynnik_rozszeralnosci,
  title        = {Rozszerzalność cieplna},
  author       = {Wikipedia},
  year         = {2024},
  howpublished = {\url{https://pl.wikipedia.org/wiki/Rozszerzalno%C5%9B%C4%87_cieplna}},
  note         = {Dostęp: 14.04.2024}
}

@misc{temperatura_wrzenia,
  title        = {Kalkulator temperatury wrzenia},
  author       = {Calculla},
  year         = {2024},
  howpublished = {\url{https://calculla.pl/kalkulator_temperatury_wrzena}},
  note         = {Dostęp: 14.04.2024}
}

@misc{lab-25-wstep,
  title        = {Materiały dodatkowe do ćwiczenia 25},
  author       = {Instytut Fizyki Doświadczalnej UWr},
  year         = {2024},
  institution  = {Uniwersytet Wrocławski},
  howpublished = {\url{https://wfa.uwr.edu.pl/wp-content/uploads/sites/216/2024/01/Ciep.25-wstep.pdf}},
  note         = {Wstęp do ćwiczenia nr 25, I Pracownia Fizyczna}
}
