@book{Drynski1976,
  author    = {Tadeusz Dryński},
  title     = {Ćwiczenia laboratoryjne z fizyki},
  publisher = {Państwowe Wydawnictwo Naukowe},
  year      = {1976},
  address   = {Warszawa},
  language  = {polski}
}


@misc{lab14manual,
  title        = {Wyznaczanie przyspieszenia ziemskiego za pomocą wahadła rewersyjnego},
  author       = {Instytut Fizyki Doświadczalnej UWr},
  year         = {2023},
  institution  = {Uniwersytet Wrocławski},
  howpublished = {\url{https://wfa.uwr.edu.pl/wp-content/uploads/sites/216/2025/03/Mech.14-2024.pdf}},
  note         = {Wstęp do ćwiczenia nr 14, I Pracownia Fizyczna}
}
