@book{Drynski1976,
  author    = {Tadeusz Dryński},
  title     = {Ćwiczenia laboratoryjne z fizyki},
  publisher = {Państwowe Wydawnictwo Naukowe},
  year      = {1976},
  address   = {Warszawa},
  edition   = {5},
  language  = {polski}
}

@misc{calculla,
  author = {{Calculla}},
  title = {Moduł Younga substancji},
  year = {2025},
  url = {https://calculla.pl/modul_younga_substancji},
  note = {Dostęp: 09.03.2025}
}
